@FOOTNOTE{Note1,key="Note1",note="A single pulse on resonance is quadratically sensitive to detuning"}
@CONTROL{REVTEX41Control}
@CONTROL{apsrev41Control,author="08",editor="1",pages="0",title="",year="1"}
